<record><leader>00000cas a2200000 a 4500</leader><controlfield tag="001">7855145</controlfield><controlfield tag="008">811019d19591973mdumn ne      0   a0eng d</controlfield><datafield ind1=" " ind2=" " tag="010"><subfield code="a">sn 90057304 </subfield></datafield><datafield ind1=" " ind2=" " tag="040"><subfield code="a">MDS</subfield><subfield code="b">eng</subfield><subfield code="c">MDS</subfield><subfield code="d">MFN</subfield><subfield code="d">OCL</subfield><subfield code="d">OCLCO</subfield></datafield><datafield ind1=" " ind2=" " tag="042"><subfield code="a">msc</subfield></datafield><datafield ind1=" " ind2=" " tag="090"><subfield code="a">LD4821.S852</subfield><subfield code="b">E45</subfield></datafield><datafield ind1="0" ind2=" " tag="130"><subfield code="a">Point news (Saint Mary's City, Md. : 1959)</subfield></datafield><datafield ind1="0" ind2="4" tag="245"><subfield code="a">The point news.</subfield></datafield><datafield ind1=" " ind2=" " tag="260"><subfield code="a">St. Mary's City, Md. :</subfield><subfield code="b">St. Mary's Seminary Junior College,</subfield></datafield><datafield ind1=" " ind2=" " tag="300"><subfield code="a">v.</subfield></datafield><datafield ind1=" " ind2=" " tag="310"><subfield code="a">Monthly (during the school year)</subfield></datafield><datafield ind1="0" ind2=" " tag="362"><subfield code="a">Vol. 1, no. 1 (Oct. 31, 1959)-</subfield></datafield><datafield ind1="1" ind2=" " tag="362"><subfield code="a">Ceased in 1973?</subfield></datafield><datafield ind1="2" ind2=" " tag="710"><subfield code="a">St. Mary's Seminary Junior College (St. Mary's City, Md.)</subfield></datafield><datafield ind1="2" ind2=" " tag="710"><subfield code="a">St. Mary's College of Maryland.</subfield></datafield><datafield ind1=" " ind2=" " tag="752"><subfield code="a">United States</subfield><subfield code="b">Maryland</subfield><subfield code="c">Saint Mary's</subfield><subfield code="d">Saint Mary's City.</subfield></datafield><datafield ind1="0" ind2="0" tag="780"><subfield code="t">Signal news</subfield><subfield code="w">(DLC)sn 90057303</subfield></datafield><datafield ind1="0" ind2="0" tag="785"><subfield code="t">Empath (Saint Mary's City, Md.)</subfield><subfield code="w">(DLC)sn 90057305</subfield></datafield></record>